<?xml version="1.0" encoding="utf-8"?>
<record xmlns="http://www.loc.gov/MARC21/slim" xmlns:xsi="http://www.w3.org/2001/XMLSchema-instance" xsi:schemaLocation="http://www.loc.gov/MARC21/slim http://www.loc.gov/standards/marcxml/schema/MARC21slim.xsd">
	<leader>     nam a22        4500</leader>
	<controlfield tag="001">2758853</controlfield>
	<controlfield tag="003">NNC</controlfield>
	<controlfield tag="006">m        d        </controlfield>
	<controlfield tag="007">cr cn |||m|||a</controlfield>
	<controlfield tag="008">150723s1965    iq      ob    000 0 ara  </controlfield>
	<datafield ind1=" " ind2=" " tag="040">
		<subfield code="a">NNU</subfield>
		<subfield code="b">eng</subfield>
		<subfield code="e">rda</subfield>
		<subfield code="c">NNU</subfield>
	</datafield>
	<datafield ind1="0" ind2="0" tag="050">
		<subfield code="a">DS234</subfield>
		<subfield code="b">.A35</subfield>
	</datafield>
	<datafield ind1="1" ind2=" " tag="100">
		<subfield code="6">880-01</subfield>
		<subfield code="a">Āl Kilkāwī, Jāsim.</subfield>
	</datafield>
	<datafield ind1="1" ind2="3" tag="245">
		<subfield code="6">880-02</subfield>
		<subfield code="a">al-Barāmikah wa-al-ʻAlawīyūn :</subfield>
		<subfield code="b">baḥth tārīkhī ʻan mawqif al-Barāmikah : min al-ʻAlawīyīn khāṣṣatan wa-al-ʻArab ʻāmmah /</subfield>
		<subfield code="c">Jāsim Āl Gilgāwī ; taqdīm Yūsuf ʻIzz al-Dīn.</subfield>
	</datafield>
	<datafield ind1=" " ind2=" " tag="260">
		<subfield code="6">880-03</subfield>
		<subfield code="a">Karbalāʼ :</subfield>
		<subfield code="b">[publisher not identified],</subfield>
		<subfield code="c">1965</subfield>
		<subfield code="e">(Karbalāʼ :</subfield>
		<subfield code="f">Maṭbaʻat Ahl al-Bayt)</subfield>
	</datafield>
	<datafield ind1=" " ind2=" " tag="300">
		<subfield code="a">online resource (159 pages)</subfield>
	</datafield>
	<datafield ind1=" " ind2=" " tag="336">
		<subfield code="a">text</subfield>
		<subfield code="2">rdacontent</subfield>
	</datafield>
	<datafield ind1=" " ind2=" " tag="337">
		<subfield code="a">computer</subfield>
		<subfield code="2">rdamedia</subfield>
	</datafield>
	<datafield ind1=" " ind2=" " tag="338">
		<subfield code="a">online resource</subfield>
		<subfield code="2">rdacarrier</subfield>
	</datafield>
	<datafield ind1=" " ind2=" " tag="500">
		<subfield code="a">Part of the Arabic Collections Online (ACO) project, contributed by Columbia University Libraries.</subfield>
	</datafield>
	<datafield ind1=" " ind2=" " tag="533">
		<subfield code="a">Electronic reproduction.</subfield>
		<subfield code="b">New York, N.Y. :</subfield>
		<subfield code="c">New York University,</subfield>
		<subfield code="d">2015.</subfield>
		<subfield code="5">NNU</subfield>
	</datafield>
	<datafield ind1="3" ind2="0" tag="600">
		<subfield code="a">Barmakid family.</subfield>
	</datafield>
	<datafield ind1=" " ind2="0" tag="650">
		<subfield code="a">Alids.</subfield>
	</datafield>
	<datafield ind1="3" ind2="4" tag="600">
		<subfield code="a">Barmecides.</subfield>
	</datafield>
	<datafield ind1="3" ind2="7" tag="600">
		<subfield code="a">Barmakid family.</subfield>
		<subfield code="2">fast</subfield>
		<subfield code="0">(OCoLC)fst01768305</subfield>
	</datafield>
	<datafield ind1=" " ind2="7" tag="650">
		<subfield code="a">Alids.</subfield>
		<subfield code="2">fast</subfield>
		<subfield code="0">(OCoLC)fst00805047</subfield>
	</datafield>
	<datafield ind1="2" ind2=" " tag="710">
		<subfield code="a">Columbia University.</subfield>
		<subfield code="b">Libraries.</subfield>
	</datafield>
	<datafield ind1="0" ind2=" " tag="730">
		<subfield code="a">Arabic Collections Online.</subfield>
	</datafield>
	<datafield ind1="0" ind2="8" tag="776">
		<subfield code="i">Online version:</subfield>
		<subfield code="a">Āl Gilgāwī, Jāsim.</subfield>
		<subfield code="t">Barāmikah wa-al-ʻAlawīyūn.</subfield>
		<subfield code="d">Karbalāʼ : [s.n.], 1965 (Karbalāʼ : Maṭbaʻat Ahl al-Bayt)</subfield>
		<subfield code="w">(OCoLC)579222842</subfield>
	</datafield>
	<datafield ind1="0" ind2="8" tag="776">
		<subfield code="i">Print version:</subfield>
		<subfield code="a">Āl Kilkāwī, Jāsim.</subfield>
		<subfield code="t">al-Barāmikah wa-al-ʻAlawīyūn</subfield>
		<subfield code="w">(NNC)2758853</subfield>
		<subfield code="w">(DLC)ne 67000564 </subfield>
		<subfield code="w">(OCoLC)23520219</subfield>
	</datafield>
	<datafield ind1="4" ind2="0" tag="856">
		<subfield code="u">http://hdl.handle.net/2333.1/1vhhmk8x</subfield>
	</datafield>
	<datafield ind1="1" ind2=" " tag="880">
		<subfield code="6">100-01/r</subfield>
		<subfield code="a">آل كلكاوي، جاسم.</subfield>
	</datafield>
	<datafield ind1="1" ind2="2" tag="880">
		<subfield code="6">245-02/r</subfield>
		<subfield code="a">البرامكة والعلويون :</subfield>
		<subfield code="b">بحث تاريخي عن مواقف البرامكة من العلويين خاصة والعرب عامة /</subfield>
		<subfield code="c">جاسم آل كلكاوي. تقديم يوسف عز الدين.</subfield>
	</datafield>
	<datafield ind1=" " ind2=" " tag="880">
		<subfield code="6">260-03/r</subfield>
		<subfield code="a">كربلاء :</subfield>
		<subfield code="b">مطبعة أهل البيت،</subfield>
		<subfield code="c">1965.</subfield>
	</datafield>
	<datafield ind1=" " ind2=" " tag="959">
		<subfield code="a">NNU</subfield>
		<subfield code="b">WEB</subfield>
		<subfield code="c">GENI</subfield>
		<subfield code="t">0</subfield>
		<subfield code="m">Electronic access</subfield>
		<subfield code="s">01</subfield>
	</datafield>
	<datafield ind1=" " ind2=" " tag="999">
		<subfield code="i">NNC_2758853</subfield>
		<subfield code="o">(OCoLC)ocm23520219 </subfield>
		<subfield code="s">columbia_aco001043</subfield>
	</datafield>
</record>
